@inproceedings{OM:2008,
	 author = {Oltean, Mihai and Muntean, Oana},
	 title = {Solving {NP}-Complete Problems with Delayed Signals: An Overview of Current Research Directions},
	 booktitle = {Proceedings of the 1st international workshop on Optical SuperComputing},
	 series = {OSC '08},
	 year = {2008},
	 isbn = {978-3-540-85672-6},
	 location = {Vienna, Austria},
	 pages = {115--127},
	 numpages = {13},
	 url = {http://dx.doi.org/10.1007/978-3-540-85673-3_10},
	 doi = {http://dx.doi.org/10.1007/978-3-540-85673-3_10},
	 acmid = {1429851},
	 publisher = {Springer-Verlag},
	 address = {Berlin, Heidelberg},
	 keywords = {NP-complete, delay lines, optical computing, signal-based computing, unconventional computing}
}

@article{Aaronson:2005,
	 author = {Aaronson, Scott},
	 title = {Guest Column: {NP}-complete problems and physical reality},
	 journal = {SIGACT News},
	 volume = {36},
	 issue = {1},
	 month = {March},
	 year = {2005},
	 issn = {0163-5700},
	 pages = {30--52},
	 numpages = {23},
	 url = {http://doi.acm.org/10.1145/1052796.1052804},
	 doi = {http://doi.acm.org/10.1145/1052796.1052804},
	 acmid = {1052804},
	 publisher = {ACM},
	 address = {New York, NY, USA}
} 

@book{Papadimitriou:1982,
	 author = {Papadimitriou, Christos H. and Steiglitz, Kenneth},
	 title = {Combinatorial Optimization: Algorithms and Complexity},
	 year = {1982},
	 isbn = {0131524623},
	 publisher = {Prentice-Hall, INC.},
	 address = {Englewood Cliffs, NJ, USA}
}

@book{Sipser:2013,
	 author = {Sipser, Michael},
	 title = {Introduction to the Theory of Computation},
	 year = {2013},
	 isbn = {113318779X},
	 publisher = {Cengage Learning},
	 address = {Boston, MA, USA}
}
@incollection{geisberger:2008,
  title={Contraction hierarchies: Faster and simpler hierarchical routing in road networks},
  author={Geisberger, Robert and Sanders, Peter and Schultes, Dominik and Delling, Daniel},
  booktitle={Experimental Algorithms},
  pages={319--333},
  year={2008},
  publisher={Springer}
}

@inproceedings{Rice:2013,
 author = {Rice, Michael N. and Tsotras, Vassilis J.},
 title = {Parameterized Algorithms for Generalized Traveling Salesman Problems in Road Networks},
 booktitle = {Proceedings of the 21st ACM SIGSPATIAL International Conference on Advances in Geographic Information Systems},
 series = {SIGSPATIAL'13},
 year = {2013},
 isbn = {978-1-4503-2521-9},
 location = {Orlando, Florida},
 pages = {114--123},
 numpages = {10},
 url = {http://doi.acm.org.ezproxy.morris.umn.edu/10.1145/2525314.2525342},
 doi = {10.1145/2525314.2525342},
 acmid = {2525342},
 publisher = {ACM},
 address = {New York, NY, USA},
 keywords = {contraction hierarchies, fixed parameter tractable, generalized traveling salesman problem, route planning}
}
@inproceedings{Pop:2011,
 author = {Pop, Petrica C. and Iordache, Serban},
 title = {A Hybrid Heuristic Approach for Solving the Generalized Traveling Salesman Problem},
 booktitle = {Proceedings of the 13th Annual Conference on Genetic and Evolutionary Computation},
 series = {GECCO '11},
 year = {2011},
 isbn = {978-1-4503-0557-0},
 location = {Dublin, Ireland},
 pages = {481--488},
 numpages = {8},
 url = {http://doi.acm.org.ezproxy.morris.umn.edu/10.1145/2001576.2001643},
 doi = {10.1145/2001576.2001643},
 acmid = {2001643},
 publisher = {ACM},
 address = {New York, NY, USA},
 keywords = {consultant-guided search, generalized traveling salesman problem, hybrid algorithms}
}
@inproceedings{Pourhassan:2015,
 author = {Pourhassan, Mojgan and Neumann, Frank},
 title = {On the Impact of Local Search Operators and Variable Neighbourhood Search for the Generalized Travelling Salesperson Problem},
 booktitle = {Proceedings of the 2015 Annual Conference on Genetic and Evolutionary Computation},
 series = {GECCO '15},
 year = {2015},
 isbn = {978-1-4503-3472-3},
 location = {Madrid, Spain},
 pages = {465--472},
 numpages = {8},
 url = {http://doi.acm.org.ezproxy.morris.umn.edu/10.1145/2739480.2754656},
 doi = {10.1145/2739480.2754656},
 acmid = {2754656},
 publisher = {ACM},
 address = {New York, NY, USA},
 keywords = {2-OPT, combinatorial optimisation, generalized travelling salesperson problem, local search, variable neighbourhood search}
} 
@inproceedings{Hu:2008,
 author = {Hu, Bin and Raidl, G\"{u}nther R.},
 title = {Effective Neighborhood Structures for the Generalized Traveling Salesman Problem},
 booktitle = {Proceedings of the 8th European Conference on Evolutionary Computation in Combinatorial Optimization},
 series = {EvoCOP'08},
 year = {2008},
 isbn = {3-540-78603-1, 978-3-540-78603-0},
 location = {Naples, Italy},
 pages = {36--47},
 numpages = {12},
 url = {http://dl.acm.org.ezproxy.morris.umn.edu/citation.cfm?id=1792634.1792638},
 acmid = {1792638},
 publisher = {Springer-Verlag},
 address = {Berlin, Heidelberg},
 keywords = {generalized traveling salesman problem, network design, variable neighborhood search}
} 
@inproceedings{Hu:2008,
 author = {Hu, Bin and Raidl, G\"{u}nther R.},
 title = {Effective Neighborhood Structures for the Generalized Traveling Salesman Problem},
 booktitle = {Proceedings of the 8th European Conference on Evolutionary Computation in Combinatorial Optimization},
 series = {EvoCOP'08},
 year = {2008},
 isbn = {3-540-78603-1, 978-3-540-78603-0},
 location = {Naples, Italy},
 pages = {36--47},
 numpages = {12},
 url = {http://dl.acm.org.ezproxy.morris.umn.edu/citation.cfm?id=1792634.1792638},
 acmid = {1792638},
 publisher = {Springer-Verlag},
 address = {Berlin, Heidelberg},
 keywords = {generalized traveling salesman problem, network design, variable neighborhood search}
} 


@inproceedings{Iordache:2010,
 author = {Iordache, Serban},
 title = {Consultant-guided Search: A New Metaheuristic for Combinatorial Optimization Problems},
 booktitle = {Proceedings of the 12th Annual Conference on Genetic and Evolutionary Computation},
 series = {GECCO '10},
 year = {2010},
 isbn = {978-1-4503-0072-8},
 location = {Portland, Oregon, USA},
 pages = {225--232},
 numpages = {8},
 url = {http://doi.acm.org.ezproxy.morris.umn.edu/10.1145/1830483.1830526},
 doi = {10.1145/1830483.1830526},
 acmid = {1830526},
 publisher = {ACM},
 address = {New York, NY, USA},
 keywords = {combinatorial optimization, metaheuristics, swarm intelligence, traveling salesman problem},
} 

@article{Brun:2008,
	 author = {Brun, Yuriy},
	 title = {Solving {NP}-complete problems in the tile assembly model},
	 journal = {Theor. Comput. Sci.},
	 volume = {395},
	 issue = {1},
	 month = {April},
	 year = {2008},
	 issn = {0304-3975},
	 pages = {31--46},
	 numpages = {16},
	 url = {http://portal.acm.org/citation.cfm?id=1354933.1355014},
	 doi = {10.1016/j.tcs.2007.07.052},
	 acmid = {1355014},
	 publisher = {Elsevier Science Publishers Ltd.},
	 address = {Essex, UK},
	 keywords = {Crystal-growth, Distributed computing, Molecular computation, NP-complete, Natural computation, Nondeterministic computation, Parallel computing, Self-assembly, SubsetSum, Tile assembly model}
} 

@misc{ wiki:np-complete,
   author = "Wikipedia",
   title = "{NP}-complete --- {Wikipedia, The Free Encyclopedia}",
   year = "2013",
   url = "http://en.wikipedia.org/w/index.php?title=NP-complete&oldid=572331965",
   note = "[Online; accessed 20-September-2013]"
 }
 
 @BOOK{Lamport:LaTeX,
	AUTHOR = "Leslie Lamport",
	TITLE = "LaTeX User's Guide and Document Reference Manual",
	PUBLISHER = "Addison-Wesley Publishing Company",
	ADDRESS = "Reading, Massachusetts",
	YEAR = "1986"	
}

@BOOK{salas:calculus,
	AUTHOR = "S.L. Salas and Einar Hille",
	TITLE = "Calculus: One and Several Variable",
	PUBLISHER = "John Wiley and Sons",
	ADDRESS = "New York",
	YEAR = "1978"	
}
 
 %%%%%%%%%%%%%%%%%%%%%%
 % ARTICLES I DEFINITELY WON'T USE %
 %%%%%%%%%%%%%%%%%%%%%%
 
@article{winkler1984isometric,
  title={Isometric embedding in products of complete graphs},
  author={Winkler, Peter M},
  journal={Discrete Applied Mathematics},
  volume={7},
  number={2},
  pages={221--225},
  year={1984},
  publisher={Elsevier}
}

@article{Reinelt:1991,
  title={{TSPLIB} - A Traveling Salesman Problem Library},
  author={Reinelt, G.},
  journal={ORSA Journal on Computing},
  volume={3},
  number={4},
  pages={376-384},
  year={1991}
}

@inproceedings{dobkin1987delaunay,
  title={Delaunay graphs are almost as good as complete graphs},
  author={Dobkin, David P and Friedman, Steven J and Supowit, Kenneth J},
  booktitle={Foundations of Computer Science, 1987., 28th Annual Symposium on},
  pages={20--26},
  year={1987},
  organization={IEEE}
}

@article{folkman1970graphs,
  title={Graphs with monochromatic complete subgraphs in every edge coloring},
  author={Folkman, Jon},
  journal={SIAM Journal on Applied Mathematics},
  volume={18},
  number={1},
  pages={19--24},
  year={1970},
  publisher={SIAM}
 }
